<record xmlns='http://www.loc.gov/MARC21/slim'
><leader
  >05241ctm a2200601Ki 4500</leader
  ><controlfield tag='001'
  >99900470084701852</controlfield
  ><controlfield tag='005'
  >20200308062224.6</controlfield
  ><controlfield tag='008'
  >180302q14751500fr p          000 0 lat d</controlfield
  ><datafield ind1=' ' ind2=' ' tag='035'
  ><subfield code='a'
    >(OCoLC)1026501914</subfield
    ></datafield
  ><datafield ind1=' ' ind2=' ' tag='035'
  ><subfield code='a'
    >(OCoLC)on1026501914</subfield
    ></datafield
  ><datafield ind1=' ' ind2=' ' tag='035'
  ><subfield code='a'
    >(EXLNZ-01ALLIANCE_NETWORK)99324896104401451</subfield
    ></datafield
  ><datafield ind1=' ' ind2=' ' tag='040'
  ><subfield code='a'
    >ORU</subfield
    ><subfield code='b'
    >eng</subfield
    ><subfield code='e'
    >rda</subfield
    ><subfield code='c'
    >ORU</subfield
    ><subfield code='d'
    >ORU</subfield
    ><subfield code='d'
    >OCLCQ</subfield
    ><subfield code='d'
    >OCLCA</subfield
    ><subfield code='d'
    >ORU</subfield
    ><subfield code='d'
    >OCLCF</subfield
    ></datafield
  ><datafield ind1=' ' ind2=' ' tag='041'
  ><subfield code='a'
    >lat</subfield
    ></datafield
  ><datafield ind1=' ' ind2=' ' tag='049'
  ><subfield code='a'
    >MAIN</subfield
    ></datafield
  ><datafield ind1='2' ind2=' ' tag='110'
  ><subfield code='a'
    >Catholic Church.</subfield
    ></datafield
  ><datafield ind1='1' ind2='0' tag='240'
  ><subfield code='a'
    >Book of hours.</subfield
    ></datafield
  ><datafield ind1='1' ind2='0' tag='245'
  ><subfield code='a'
    >Horae Beatae Virginis Mariae.</subfield
    ></datafield
  ><datafield ind1='3' ind2=' ' tag='246'
  ><subfield code='a'
    >Libra Horarum, use of Autun</subfield
    ></datafield
  ><datafield ind1=' ' ind2='0' tag='264'
  ><subfield code='a'
    >Burgundy, France,</subfield
    ><subfield code='c'
    >between 1475 and 1500?</subfield
    ></datafield
  ><datafield ind1=' ' ind2=' ' tag='300'
  ><subfield code='a'
    >101 leaves</subfield
    ><subfield code='b'
    >parchment ;</subfield
    ><subfield code='c'
    >163 x 102 mm.</subfield
    ></datafield
  ><datafield ind1=' ' ind2=' ' tag='336'
  ><subfield code='a'
    >text</subfield
    ><subfield code='b'
    >txt</subfield
    ><subfield code='2'
    >rdacontent</subfield
    ></datafield
  ><datafield ind1=' ' ind2=' ' tag='337'
  ><subfield code='a'
    >unmediated</subfield
    ><subfield code='b'
    >n</subfield
    ><subfield code='2'
    >rdamedia</subfield
    ></datafield
  ><datafield ind1=' ' ind2=' ' tag='338'
  ><subfield code='a'
    >volume</subfield
    ><subfield code='b'
    >nc</subfield
    ><subfield code='2'
    >rdacarrier</subfield
    ></datafield
  ><datafield ind1=' ' ind2=' ' tag='561'
  ><subfield code='a'
    >Verso of f98 and ruled blank leaves 99, 100, 101 are filled with Family Records of the de Gaules family for more than one generation. The first entry, at the top of the ruled blank leaf, recto, and records in French book hand the birth and baptism of &quot;Gaspard mon premier fils,&quot; with date in French, the seventeenth of March: 1575: The second entry records the birth of a second son, Michel, in 1578; Francois, 1580; Francoise, 1582; Nicol, 1584; Florence(no date); Jacqueline, 1587; Nicole Laquelle, 1588; last entry, &quot;Francoise ma fille.&quot; Lower margins of final 7 folio contain continued familial records in obscured cursive from 1615 to 1637, and the death of &quot; Mousieur le consailer de gaulle&quot; in 1638. There is a record of approxmately 22 entries from 1575 to 1588, then from 1615 to 1638. In the first family there were apparently 4 sons, 4 daughters; in the second family 11 sons, 3 daughters. Four sons, the earlier dying, are named Guillaume. Obtained from Retz and Storm, New York.</subfield
    ></datafield
  ><datafield ind1=' ' ind2=' ' tag='583'
  ><subfield code='a'
    >Item cataloged from existing description by C. Pierce and J. Fox, and in hand by Erika Milo and Ian Scott, July/August 2018.</subfield
    ></datafield
  ><datafield ind1=' ' ind2=' ' tag='540'
  ><subfield code='a'
    >All requests for permission to quote or publish from manuscripts must be submitted in writing to the Head of Special Collections &amp; University Archives.</subfield
    ></datafield
  ><datafield ind1='1' ind2=' ' tag='541'
  ><subfield code='c'
    >Donation/Purchase ;</subfield
    ><subfield code='a'
    >Julia Burgess,</subfield
    ><subfield code='d'
    >1935-1942.</subfield
    ></datafield
  ><datafield ind1=' ' ind2=' ' tag='500'
  ><subfield code='a'
    >Manuscript codex.</subfield
    ></datafield
  ><datafield ind1=' ' ind2=' ' tag='500'
  ><subfield code='a'
    >Title devised by cataloger.</subfield
    ></datafield
  ><datafield ind1=' ' ind2=' ' tag='500'
  ><subfield code='a'
    >Collation: 101 leaves in 13 quires of 8 (except 1¹², 2⁷, 8⁴, 13⁶). No catchwords, No signatures. Folio numbers in pencil. Much variety in emphatic rubrication.</subfield
    ></datafield
  ><datafield ind1=' ' ind2=' ' tag='500'
  ><subfield code='a'
    >Origin: Burgundy.</subfield
    ></datafield
  ><datafield ind1=' ' ind2=' ' tag='500'
  ><subfield code='a'
    >Layout: One column of 18 lines upon a writing area of 100 x 57 mm.Visible ruling in light brown ink.</subfield
    ></datafield
  ><datafield ind1=' ' ind2=' ' tag='500'
  ><subfield code='a'
    >Script: In one hand of Gothic cursive called the French Batarde Script, notable is the lowercase &quot;g,&quot; which is as a minuscule &quot;y,&quot; with a horizontal bar extending through both ascending strokes.</subfield
    ></datafield
  ><datafield ind1=' ' ind2=' ' tag='500'
  ><subfield code='a'
    >Decoration: Larger 3-to-4 line initials in blue OR burgundy upon a gilded square with white floral tracery introducing chapters. Smaller 1-to-2 line gilt capitals upon blue and burgundy square are used to introduce sentences. In addition, five miniatures are found, and bordered with floral acanthus with accompanying pheasantry. Much variety in emphatic rubrication. Miniature illustrations: 1. (fol. 25r) The Annunciation (Hours of the Virgin, Matins). 2. (fol. 63r) The Crucifixion (Hours of the Cross). 3. (fol. 67r) The Pentecost (Hours of the Holy Spirit). 4. (fol. 70r) David at Prayer (Seven Penitential Psalms). 5. (fol. 85r) Funeral Scene (Office of the Dead).</subfield
    ></datafield
  ><datafield ind1=' ' ind2=' ' tag='500'
  ><subfield code='a'
    >Binding: Modern red morocco with marbled rose endpapers.</subfield
    ></datafield
  ><datafield ind1=' ' ind2=' ' tag='500'
  ><subfield code='a'
    >Shelfmark: Eugene, OR, Special Collections and University Archives, University of Oregon, MS 041.</subfield
    ></datafield
  ><datafield ind1=' ' ind2=' ' tag='500'
  ><subfield code='a'
    >Former shelfmark: Burgess Collection MS 19 (Bond &amp; Faye).</subfield
    ></datafield
  ><datafield ind1=' ' ind2=' ' tag='500'
  ><subfield code='a'
    >As referenced by Jim Marrow Report: &quot;Book of Hours with an Office of the Dead of Autun Use.&quot;</subfield
    ></datafield
  ><datafield ind1=' ' ind2=' ' tag='546'
  ><subfield code='a'
    >In Latin.</subfield
    ></datafield
  ><datafield ind1='0' ind2=' ' tag='505'
  ><subfield code='a'
    >ff1r-12v Calendar -- ff13r-18r Gospel Extracts -- ff19r-24r Prayers to the Virgin -- ff25r-61v Hours of the Virgin -- ff63r-65r Hours of the Cross -- ff67r-69v Hours of the Holy Spirit -- ff70r-84v Penitential Psalms and Litany -- ff87r-97r Office of the Dead.</subfield
    ></datafield
  ><datafield ind1=' ' ind2=' ' tag='506'
  ><subfield code='a'
    >RESTRICTED ORIGINAL. USE DIGITAL COPY ONLY:</subfield
    ><subfield code='b'
    >Use of original only by permission of the rare books curator. Inquiries concerning this item should be directed, in writing, to the Public Services Librarian, Special Collections Department, UO Libraries, or electronically:</subfield
    ><subfield code='u'
    >https://library.uoregon.edu/special-collections/research-assistance.</subfield
    ></datafield
  ><datafield ind1=' ' ind2='0' tag='650'
  ><subfield code='a'
    >Manuscripts, Medieval</subfield
    ><subfield code='z'
    >Oregon</subfield
    ><subfield code='z'
    >Eugene.</subfield
    ></datafield
  ><datafield ind1=' ' ind2='7' tag='650'
  ><subfield code='a'
    >Manuscripts, Medieval.</subfield
    ><subfield code='2'
    >fast</subfield
    ><subfield code='0'
    >(OCoLC)fst01008422</subfield
    ></datafield
  ><datafield ind1=' ' ind2='7' tag='651'
  ><subfield code='a'
    >Oregon</subfield
    ><subfield code='z'
    >Eugene.</subfield
    ><subfield code='2'
    >fast</subfield
    ><subfield code='0'
    >(OCoLC)fst01205922</subfield
    ></datafield
  ><datafield ind1=' ' ind2='0' tag='655'
  ><subfield code='a'
    >Manuscripts, Latin (medieval and modern).</subfield
    ></datafield
  ><datafield ind1=' ' ind2='7' tag='655'
  ><subfield code='a'
    >Books of hours.</subfield
    ><subfield code='2'
    >rbgenr</subfield
    ></datafield
  ><datafield ind1='2' ind2=' ' tag='710'
  ><subfield code='a'
    >University of Oregon.</subfield
    ><subfield code='b'
    >Libraries.</subfield
    ><subfield code='b'
    >Special Collections &amp; University Archives.</subfield
    ><subfield code='k'
    >Manuscript.</subfield
    ><subfield code='n'
    >MS 041.</subfield
    ></datafield
  ><datafield ind1='0' ind2=' ' tag='700'
  ><subfield code='a'
    >Master of the Burgundian Prelates,</subfield
    ><subfield code='e'
    >illuminator.</subfield
    ></datafield
  ><datafield ind1='1' ind2=' ' tag='700'
  ><subfield code='a'
    >Burgess, Edward Sandford,</subfield
    ><subfield code='d'
    >1855-1928,</subfield
    ><subfield code='e'
    >former owner.</subfield
    ></datafield
  ><datafield ind1='1' ind2=' ' tag='700'
  ><subfield code='a'
    >Burgess, Julia,</subfield
    ><subfield code='e'
    >former owner.</subfield
    ></datafield
  ><datafield ind1=' ' ind2=' ' tag='851'
  ><subfield code='a'
    >Special Collections and University Archives,</subfield
    ><subfield code='c'
    >University of Oregon, Eugene, OR 97403.</subfield
    ></datafield
  ><datafield ind1='8' ind2=' ' tag='852'
  ><subfield code='8'
    >22329338680001852</subfield
    ><subfield code='b'
    >SpecColl</subfield
    ><subfield code='c'
    >spvault</subfield
    ><subfield code='h'
    >MS 041</subfield
    ></datafield
  ><datafield ind1=' ' ind2=' ' tag='994'
  ><subfield code='a'
    >92</subfield
    ><subfield code='b'
    >OCACL</subfield
    ></datafield
  ></record
>